%*************************************************************
% Master Project                                             *
% Ing. Minerva Gabriela Vargas Gleason                       *
% IAI - Institute of Artificial Intelligence                 *
% Universität Bremen                                         *
%                                                            *
% pdfLaTex                                                   *
% Editor: TeXnicCenter                                       *
%*************************************************************
%  \renewcommand{\bibname}{References}
%  \renewcommand{\refname}{References}
% \printbibliography[title = {References}]

@ARTICLE{qpoases,
	author = {H.J. Ferreau and C. Kirches and A. Potschka and H.G. Bock and M. Diehl},
	title = {{qpOASES}: A parametric active-set algorithm for quadratic programming},
	journal = {Mathematical Programming Computation},
	year = {2014},
	volume = {6},
	number = {4},
	pages = {327--363},
	keywords = {qpOASES, parametric quadratic programming, active set method,
	model predictive control}
}

@book{Handbook,
	author={Bruno Siliciano and Oussama Khatib},
	title={Springer Handbook of Robotics},
	year = {2007},
	isbn = {354023957X},
	publisher = {Springer-Verlag New York, Inc.},
	address = {Secaucus, NJ, USA},
}

@misc{AIUniBremen,
	title={Artificial Intelligence},
	section={Research},
	author={IAI},
	date={12.09.16},
	year={2016},
	url={http://ai.uni-bremen.de/research}
}

@book{Craig,
	title={Introduction to Robotics; Mechanics and Control},
	author={John J. Craig},
	edition={Third},
	publisher={Pearson Education International},
	year={2005}
	}
	
@article{Markov,
	title={Markov Localization for Mobile Robots in Dynamic Environments},
	author={Dieter Fox and Wolfram Burgard and Sebastian Thrun},
	year={1999},
	journal={Artificial Intelligence Research},
	volume={11},
	pages={391-427}
	}
	
@article{Montecarlo,
	title={Monte Carlo Localization: Efficient Posotion Estimation for Mobile Robots},
	author={Dieter Fox and Wolfram Burgard and Frank Dellaert and Sebastian Thrun},
	year={1999},
	journal={National Conference on Artificial Intelligence},
	volume={16}
	}

@inproceedings{lidar,
title = {Real-Time Loop Closure in 2D LIDAR SLAM},
author  = {Wolfgang Hess and Damon Kohler and Holger Rapp and Daniel Andor},
year  = 2016,
booktitle = {2016 IEEE International Conference on Robotics and Automation (ICRA)},
pages = {1271--1278}
}
	
@book{Russel,
	title={Robot Tactile Sensing},
	author={R. A. Russell},
	publisher={Prentice Hall},
	year={1990},
}

@article{Camera,
	title={Geometric Camera Calibration using Systems of Linear Equations},
	author={Keith D. Gremban and Charles E. Thorpe and Takeo Kanade},
	year={1988},
	journal={Robotics and Automation, IEEE},
	date={06.08.2002}
	}

@article{Taskspace,
	title={Task Space Regions: A framework for pose-constrained manipulation planning},
	author={Dmitry Berenson, Siddhartha Srinivasa and James Kuffner},
	year={2011},
	journal={The International Journal of Robotics Research},
	volume={32},
	pages={1435-1460}
	}
	
@book{trajectory,
	title={Computing with Spatial Trajectories},
	author={Jiawei Han and Yu Zheng and Xiaofang Zhou},
	publisher={Springer},
	year={2011},
}

@book{planning,
	title={Planning Algorithms},
	author={Steven M. LaValle},
	publisher={Cambridge University Press},
	address = {Cambridge, U.K.},
	note = {Available at http://planning.cs.uiuc.edu/},
	year={2006},
}

@article{moveit,
	title={ROS Topics, MoveIt!},
	author={Sachin Chitta and Ioan Sucan and Steve Cousins},
	year={2012},
	journal={IEEE Robotics and Automation magazine},
	pages={18-19}
}

@article{history,
	title={The history of the industrial robot},
	author={Johanna Wallén},
	year={2008},
	journal={Technical report from Automatic Control at Linköpings universitet},
}

@article{qp_algorithm,
	author = {Ferreau, H. J. and Bock, H. G. and Diehl, M.},
	title = {An online active set strategy to overcome the limitations of explicit MPC},
	journal = {International Journal of Robust and Nonlinear Control},
	volume = {18},
	number = {8},
	publisher = {John Wiley & Sons, Ltd.},
	issn = {1099-1239},
	doi = {10.1002/rnc.1251},
	pages = {816-830},
	keywords = {model predictive control, parametric quadratic programming, online active set strategy},
	year = {2008},
}

@article{mpc,
	author = {Michael Nikolaou},
	title = {Model Predictive Controllers: A Critical Synthesis of Theory and Industrial Needs},
	journal = {Advances in Chemical Engineering},
	volume = {26},
	pages = {131-204},
	publisher = {ELSEVIER},
	year = {2001}
}

@book{qp_theory,
	title={Optimization I},
	author={Prof. Dr. Ronald H.W. Hoppe},
	publisher={University of Houston},
	year={2006},
	pages={56-70}
}

@article{acc_level_control,
	author = {Zhijun Zhang and Yunong Zhang},
	title = {Acceleration-Level Cyclic-Motion Generation of Constrained Redundant Robots	Tracking Different Paths},
	journal = {Transactions on Systems, Man, and Cybernetics},
	volume = {42},
	pages = {1257-1269},
	publisher = {IEEE},
	year = {2012}
}

@article{giskard,
	author = {Zhou Fang and Georg Bartels and Michael Beetz},
	title = {Learning Models for Constraint-based Motion Parameterization from
Interactive Physics-based Simulation},	
	journal = {International Conference on Intelligent Robots and Systems (IROS)},
	publisher = {IEEE},
	volume = {4},
	year = {2016}
	doi = {10.1109/IROS.2016.7759590}
}

@article{reflexxes_lib,
	author = {Torsten Kröger},
	title = {Opening the Door to New Sensor-Based Robot	Applications.  The Reflexxes Motion Libraries},
	journal = {Robotics and Automation ICRA},
	publisher = {IEEE},
	year = {2011}
}

@article{reflexxes_theory,
	author = {Torsten Kröger and Friedrich M. Wahl},
	title = {Online Trajectory Generation: Basic Concepts for Instantaneous Reactions to Unforeseen Events},
	journal = {Transactions on Robotics},
	volume = {26},
	pages = {94-111},
	publisher = {IEEE},
	year = {2010}
}

@article{slerp,
	author = {Shoemake, Ken},
	title = {Animating Rotation with Quaternion Curves},
	journal = {SIGGRAPH Comput. Graph.},
	issue_date = {Jul. 1985},
	volume = {19},
	number = {3},
	month = jul,
	year = {1985},
	issn = {0097-8930},
	pages = {245--254},
	numpages = {10},
	doi = {10.1145/325165.325242},
	acmid = {325242},
	publisher = {ACM},
	address = {New York, NY, USA},
	keywords = {B{\'e}zier curve, B-spline, animation, approximation, in-betweening, interpolation, quaternion, rotation, spherical geometry, spline},
	} 

@book{siciliano,
	title =     {Robotics - Modelling, Planning and Control},
	author =    {Bruno Siciliano and Lorenzo Sciavicco and Luigi Villani and Giuseppe Oriolo},
	publisher = {Springer},
	isbn =      {9781846286414,1846286417},
	year =      {2008},
	series =    {Advanced Textbooks in Control and Signal Processing},
	edition =   {2nd Printing.},
	volume =    {},
}

@article{manip_analysis,
	author = {Nikolaus Vahrenkamp and Tamim Asfour and Giorgio Metta and Giulio Sandini and Rüdiger Dillmann},
	title = {Manipulability analysis},
	journal = {IEEE-RAS International Conference on Humanoid Robots (Humanoids)},
	number = {12},
	month = dec,
	year = {2012},
	issn = {2164-0580},
	doi = {10.1109/HUMANOIDS.2012.6651576},
	publisher = {IEEE},
	address = {Karlsruhe, Germany},
}

@article{Yoshikawa,
	added-at = {2012-03-17},
	author = {Yoshikawa, Tsuneo},
	journal = {The International Journal of Robotics Research},
	number = {2},
	pages = {3-9},
	timestamp = {2012-03-17T12:15:43.000+0100},
	title = {Manipulability of Robotic Mechanisms},
	volume = {4},
	year = {1985}
}